<?xml version="1.0" encoding="UTF-8"?><collection xmlns="http://www.loc.gov/MARC21/slim"><record><leader>00543nam--2200181-i-4500</leader><controlfield tag="001">000018579</controlfield><controlfield tag="002">20161230</controlfield><controlfield tag="005">20161230201032</controlfield><controlfield tag="008">060222s1000------------r-----000-0-eng-d</controlfield><datafield ind1=" " ind2=" " tag="040"><subfield code="a">IFIN-HH</subfield></datafield><datafield ind1=" " ind2=" " tag="080"><subfield code="a">539.2</subfield></datafield><datafield ind1="1" ind2=" " tag="100"><subfield code="a">Ter Haar, D</subfield></datafield><datafield ind1="1" ind2="0" tag="245"><subfield code="a">Fluctuation, relaxation and resonance in magnetic systems</subfield><subfield code="b">Scottish univeristies' summer school 1961</subfield><subfield code="c">D. ter haar (ed.)</subfield></datafield><datafield ind1=" " ind2=" " tag="260"><subfield code="a">Edinburgh</subfield><subfield code="b">Oliver And Boyd</subfield><subfield code="c">1966</subfield></datafield><datafield ind1=" " ind2=" " tag="300"><subfield code="a">XIV + 448 P</subfield></datafield><datafield ind1=" " ind2=" " tag="490"><subfield code="a">Earlier Volumes In This Series</subfield></datafield><datafield ind1=" " ind2=" " tag="852"><subfield code="a">18645</subfield></datafield><datafield ind1=" " ind2=" " tag="CAT"><subfield code="a">Sys</subfield><subfield code="c">20120419</subfield><subfield code="h">095833</subfield></datafield></record></collection>